COSC-6365-MichaelYantosca-FinalProjectReport.bib