@Online{AnandtechK80,
  author = 	 {Smith, Ryan},
  title = 	 {NVIDIA Launches Tesla K80, GK210 GPU},
  date = 	 {2017-11-14},
  url = 	 {https://www.anandtech.com/show/8729/nvidia-launches-tesla-k80-gk210-gpu},
  urldate = 	 {2017-11-13}
}

@Online{P100Datasheet,
  title = 	 {NVIDIA® Tesla® P100 GPU Accelerator},
  date = 	 {2016-10-06},
  url = 	 {https://images.nvidia.com/content/tesla/pdf/nvidia-tesla-p100-PCIe-datasheet.pdf},
  urldate = 	 {2017-10-31},
  organization = {NVIDIA Corporation},
  urldate = 	 {2017-11-13}
}

@Online{GuptaSadayappan,
  author = 	 {Gupta, H. and Sadayappan, P.},
  title = 	 {Communication Efficient Matrix-Multiplication on Hypercubes},
  date = 	 {1994},
  url = 	 {http://ilpubs.stanford.edu:8090/59/1/1994-25.pdf},
  urldate = 	 {2017-11-13}
}

@Online{Lecture17Slides,
  author = 	 {Johnsson, Lennart},
  title = 	 {Introduction to HPC Lecture 17},
  subtitle =     {Parallel Algorithms: Matrix Multiplication},
  date = 	 {2017-10-24},
  howpublished = {Blackboard},
  type = 	 {Lecture Slides},
  organization = {Department of Computer Science, University of Houston}
}

@Online{Stampede2UserGuide,
  title = 	 {Stampede2 User Guide},
  date = 	 {2017-10-22},
  url = 	 {https://portal.tacc.utexas.edu/user-guides/stampede2},
  organization = {Texas Advanced Supercomputing Center, University of Texas at Austin},
  urldate = 	 {2017-11-13}
}

@Book{KnR,
  author = 	 {Kernighan, Brian W. and Ritchie, Dennis M.},
  title = 	 {The C Programming Language},
  year =         {1988},
  edition = 	 {2},
  series = 	 {Prentice Hall Software Series},
  publisher =    {Prentice Hall PTR},
  location =     {Englewood Cliffs, New Jersey}
}

@Online{SPIntLimit,
  title =        {Single-Precision Floating Point Format},
  subtitle =     {Precision limits on integer values},
  date =         {2017-11-28},
  url =          {https://en.wikipedia.org/wiki/Single-precision_floating-point_format#Precision_limits_on_integer_values},
  organization = {The Wikimedia Project},
  urldate =      {2017-11-30}
}

@Online{MKLcblas_sgemm,
  title = 	 {cblas_?gemm},
  url = 	 {https://software.intel.com/en-us/mkl-developer-reference-c-cblas-gemm},
  organization = {Intel Corporation},
  urldate = 	 {2017-12-02}
}

@Online{MKLcblas_sgemmx,
  title = 	 {cblas_sgemmx.c},
  url = 	 {https://software.intel.com/en-us/mkl-developer-reference-c-cblas_sgemmx},
  organization = {Intel Corporation},
  urldate = 	 {2017-12-02}
}

@Online{alltt,
  author = 	 {Braams, Johannes},
  title = 	 {The alltt environment},
  date = 	 {1997-06-16},
  url = 	 {http://mirrors.ctan.org/macros/latex/base/alltt.pdf},
  urldate = 	 {2017-12-02}
}


@Online{OpenACCStd,
  title = 	 {The OpenACC(R) Application Programming Interface},
  date = 	 {2017-11-06},
  url = 	 {https://www.openacc.org/sites/default/files/inline-files/OpenACC.2.6.final.pdf},
  version = 	 {2.6},
  organization = {OpenACC-Standard.org},
  urldate = 	 {2017-12-04}
}


@Online{gccOpenACC,
  title = 	 {GCC Wiki},
  subtitle =     {OpenACC},
  date = 	 {2017-07-27},
  url = 	 {https://gcc.gnu.org/wiki/OpenACC},
  organization = {Free Software Foundation, Inc.},
  urldate = 	 {2017-12-04}
}

@Online{BridgesGPUGuide,
  title = 	 {Bridges User Guide},
  subtitle =     {Using Bridges' GPU nodes},
  date = 	 {2017-10-31},
  url = 	 {https://www.psc.edu/bridges/user-guide/gpu-use},
  organization = {Pittsburgh Supercomputing Center},
  urldate = 	 {2017-12-04}
}


@Online{NoACCKernels,
  author = 	 {Colgrove, Mat},
  title = 	 {OpenACC parallel kernels not getting generated},
  date = 	 {2016-01-28},
  url = 	 {https://stackoverflow.com/questions/35035427/openacc-parallel-kernels-not-getting-generated},
  urldate = 	 {2017-12-06}
}

@Online{MMOptimizeOpenACC,
  author = 	 {Child, Tim},
  editor = 	 {Harris, Mark},
  title = 	 {How to optimize matrix multiplication using OpenACC?},
  date = 	 {2012-09-14},
  url = 	 {https://stackoverflow.com/questions/11791843/how-to-optimize-matrix-multiplication-using-openacc},
  urldate = 	 {2017-12-06}
}

@Online{IntroToBeamer,
  author = 	 {Soualem, Nadir},
  title = 	 {How to make a presentation with Latex - Introduction to Beamer},
  date = 	 {2007-07-14},
  url = 	 {https://math-linux.com/latex-26/article/how-to-make-a-presentation-with-latex-introduction-to-beamer},
  urldate = 	 {2017-12-07}
}

@Online{WikiBeamer,
  title = 	 {Beamer (LaTeX)},
  date = 	 {2017-11-23},
  url = 	 {https://en.wikipedia.org/wiki/Beamer_(LaTeX)},
  organization = {Wikimedia Foundation, Inc.},
  urldate = 	 {2017-12-07}
}

@Online{BeamerSplitBiblio,
  author = 	 {Tibbits, M.},
  title = 	 {How can I split a beamer bibliography across two slides?},
  date = 	 {2011-06-14},
  url = 	 {https://tex.stackexchange.com/questions/20660/how-can-i-split-a-beamer-bibliography-across-two-slides},
  urldate = 	 {2017-12-07}
}

